<?xml version="1.0" encoding="UTF-8"?><collection xmlns="http://www.loc.gov/MARC21/slim"><record><leader>00469nam--2200145-i-4500</leader><controlfield tag="001">000007236</controlfield><controlfield tag="002">20161230</controlfield><controlfield tag="005">20170118010156</controlfield><controlfield tag="008">060222s1000------------r-----000-0-eng-d</controlfield><datafield ind1=" " ind2=" " tag="245"><subfield code="a">Brandeis summer institute in theoretical physics, 1964: Vol.2: Lectures on particles and field theory</subfield></datafield><datafield ind1=" " ind2=" " tag="260"><subfield code="a">Englewood Cliffs, N.J</subfield><subfield code="b">Prentice-hall.Inc</subfield><subfield code="c">1965</subfield></datafield><datafield ind1=" " ind2=" " tag="300"><subfield code="a">VII + 485 p</subfield></datafield><datafield ind1=" " ind2=" " tag="700"><subfield code="a">Lichtenberg, Don B</subfield></datafield><datafield ind1=" " ind2=" " tag="852"><subfield code="a">539.12(042.4):530.145</subfield></datafield><datafield ind1=" " ind2=" " tag="CAT"><subfield code="a">SYS</subfield><subfield code="c">20170118</subfield><subfield code="h">010156</subfield></datafield></record></collection>